% Książka.
@book{Vermesan2021,
    author    = "O.Vermesan and J.Reiner and  C.De Luca and M.Coppola",
    title     = "Artificial Intelligence for Digitising Industry – Applications ",
    publisher = "River Publishers Series in Communications and Networking",
    year      = "2021",
}

@book{Wong2013,
    author    = "Calvin Wong and Z. X. Guo and S Y S Leung",
    title     = "Optimizing Decision Making in the Apparel Supply Chain Using Artificial Intelligence (AI)",
    publisher = "Woodhead Publishing ",
    year      = "2013",
}
@mastersthesis{Infante2021,
    author    = "Carmen Aurora Adanaque Infante, Andrés Felipe Simbaqueba Sánchez",
    title     = "Production scheduling based on a reinforcement learning algorithm for complex production systems",
    school  = "The Polytechnic University of Milan ",
    year   = "2021",
}

@book{Bisong2019,
    author    = "Ekaba Bisong",
    title     = "Building Machine Learning and Deep Learning Models on Google Cloud Platform",
    publisher = "apress ",
    year      = "2019",
}

@book{Hanne2017,
    author    = "Thomas Hanne,Rolf Dornberger",
    title     = "Computational Intelligence in Logistics and Supply Chain Management",
    publisher = "Springer ",
    year      = "2017",
}

@phdthesis{Ghasemi2021,
    author    = "Amir  Ghasemi",
    title     = "Simulation-Optimization with Machine Learning Applied to Production  Planning   and 
Scheduling  -   Case:    Semiconductor Manufacturing",
    school = "School of Engineering University of Limerick ",
    year      = "2021",
}

@phdthesis{Weinke2023,
    author    = "Manuel Weinke",
    title     = "Machine Learning im Logistikmanagement –Entwicklung eines Gestaltungsansatzes zum Einsatz von ML-Anwendungen in logistischen Entscheidungsprozessen",
    school = "Technische Universität Berlin ",
    year      = "2023",
}

@book{Jolly2018,
    author    = "Kevin Jolly",
    title     = "Machine Learning with scikit-learn Quick Start Guide",
    publisher = "Packt Publishing ",
    year      = "2018",
}

@mastersthesis{Vasileios2019,
    author    = "Manasas Vasileios",
    title     = "Supply chain optimization using machine learning methods. A manufacturing case study. ",
    school = "International Hellenic University ",
    year      = "2019",
}

@book{Paluszek2019,
    author    = "Michael  Paluszek, Stephanie  Thomas",
    title     = "MATLAB Machine Learning Recipes",
    publisher = "apress ",
    year      = "2019",
}

@phdthesis{Jozwiak2017,
    author    = "Arkadiusz Jóźwiak ",
    title     = "Metoda oceny jakości usług transportowych w łańcuchach dostaw z wykorzystaniem algorytmów sztucznej inteligencji / Quality assessment of transport services in supply chains using artificial intelligence algorithms",
    school = "Politechnika Warszawska ",
    year      = "2017",
}

@book{Orchard2004,
    author    = "Bob Orchard, Chunsheng Yang, Moonis Ali ",
    title     = "Innovations in Applied Artiﬁcial Intelligence",
    publisher = "Springer ",
    year      = "2004",
}

@book{Kishore2018,
    author    = "V Kishore Ayyadevara ",
    title     = "Pro Machine Learning AlgorithmsA Hands-On Approach to Implementing Algorithms in Python and R",
    publisher = "Apress ",
    year      = "2018",
}

@thesis{Strubel2021,
    author = "Strubel, Joshua D.",
    title  = "SECURING MACHINE LEARNING SUPPLY CHAINS",
    school = "NAVAL POSTGRADUATE SCHOOL, MONTEREY, CALIFORNIA ",
    year   = "2021"
}
@mastersthesis{Morken2021,
    author = "Ask Norheim Morken",
    title  = "Using Machine Learning for Improved Production Planning in the Concrete Supplier Business",
    school = "Norwegian University of Science and Technology: Department of Mechanical and Industrial Engineering ",
    year   = "2021"
}

% FIZYK KSIAZKI

@book{Raschka2018,
    author    = "Sebastian Raschka, Vahid Mirjalili ",
    title     = "Python uczenie maszynowe",
    publisher = "Apress ",
    year      = "2018",
}

@book{Cole2019,
    author    = "Matt R. Cole ",
    title     = "Uczenie maszynowe w C# : szybkie, sprytne i solidne aplikacje",
    publisher = "Helion ",
    year      = "2019",
}


@book{Albrzykowski2023,
    author    = " Leszek Albrzykowski",
    title     = "Uczenie maszynowe : Elementy matematyki w analizie danych",
    publisher = "Helion ",
    year      = "2023",
}

@book{Zocca2018,
    author    = " Valentino Zocca,Gianmario Spacagna ; Daniel Slater ; Peter Roelants ",
    title     = "Deep learning : uczenie głębokie z językiem Python : sztuczna inteligencja i sieci neuronowe ",
    publisher = "Helion ",
    year      = "2018",
}

@book{Nag2010,
    author    = " Barin Nag ",
    title     = "Intelligent systems in operations : methods, models and applications in the supply chain  ",
    publisher = "Hershey ; New York : Business Science Reference ",
    year      = "2010",
}


@book{Hearty2017,
    author    = " John Hearty  ",
    title     = "Zaawansowane uczenie maszynowe z językiem Python",
    publisher = "Helion ",
    year      = "2017",
}


@book{Szeliga2019,
    author    = " Marcin Szeliga",
    title     = "Praktyczne uczenie maszynowe",
    publisher = "Helion ",
    year      = "2019",
}



@book{Nowak2022,
    author    = " Robert Nowak , Mieczysław Muraszkiewicz",
    title     = "Sztuczna inteligencja dla inżynierów : metody ogólne",
    publisher = "Oficyna Wydawnicza Politechniki Warszawskiej ",
    year      = "2022",
}


@book{Kurp2023,
    author    = "Feliks Kurp ",
    title     = "Sztuczna inteligencja od podstaw",
    publisher = "Helion ",
    year      = "2023",
}

@book{Ponteves2021,
    author    = "Hadelin de Ponteves  ",
    title     = "Sztuczna inteligencja : błyskawiczne wprowadzenie do uczenia maszynowego, uczenia ze wzmocnieniem i uczenia głębokiego",
    publisher = "Helion ",
    year      = "2021",
}


@book{Tarkowski1995,
    author    = "Jerzy Tarkowski and Bo Irestahl and Kenth Lumdsen ",
    title     = "Transport - Logistyka",
    publisher = "Instytut Logistyki i Magazynowania  ",
    year      = "1995",
}

@book{Dittmann2008,
    author    = "Paweł Dittmann",
    title     = "Prognozowanie w przedsiębiorstwie",
    publisher = "Wolters Kluwer Business ",
    year      = "2008",
}


@book{Pfohl1998,
    author    = "Hans-Christian Pfohl",
    title     = "Zarządzanie logistyką",
    publisher = "Instytut Logistyki i Magazynowania",
    year      = "1998",
}

@book{Bonaccorso2018,
    author    = "Giuseppe Bonaccorso",
    title     = "Mastering Machine Learning Algorithms",
    publisher = "Packt Publishing Ltd.",
    year      = "2018",
}

% Źródło innego typu, np. repozytorium na GitHubie.
@misc{wik2023,
    author       = "Wikipedia",
    title        = "Zarządzanie łańcuchem dostaw",
    howpublished = "Dostęp zdalny (14.03.2019): \url{https://pl.wikipedia.org/wiki/Zarządzanie_łancuchem_dostaw}",
    year         = "2023"
}

% Źródło innego typu, np. repozytorium na GitHubie.
@misc{wiken2023,
    author       = "Wikipedia",
    title        = "Supply chain management",
    howpublished = "Dostęp zdalny (14.03.2019): \url{https://en.wikipedia.org/wiki/Supply_chain_management}",
    year         = "2023"
}

% Źródło innego typu, np. repozytorium na GitHubie.
@misc{zarz2023,
    author       = "Encyklopedia Zarządzania",
    title        = "Zarządzanie łańcuchem dostaw",
    howpublished = "Dostęp zdalny (20.09.2019): \url{https://mfiles.pl/pl/index.php/łańcuch_dostaw}",
    year         = "2023"
}

% Źródło innego typu, np. repozytorium na GitHubie.
@misc{wdx2023,
    author       = "WDX przewodnik logistyczny",
    title        = "Co to jest łańcuch dostaw? Przewodnik",
    howpublished = "Dostęp zdalny (20.09.2019): \url{https://wdx.pl/2021/10/28/co-to-jest-lancuch-dostaw-przewodnik/}",
    year         = "2023"
}

% Źródło innego typu, np. repozytorium na GitHubie.
@misc{scm2023,
    author       = "Poznaj systemy SCM",
    title        = "Na czym polega zarządzanie łańcuchem dostaw (SCM)?",
    howpublished = "Dostęp zdalny (20.09.2023): \url{https://www.sap.com/poland/products/scm/what-is-supply-chain-management.html}",
    year         = "2023"
}

@misc{oracle2023,
    author       = "Oracle supply chain management",
    title        = "Czym jest sztuczna inteligencjak",
    howpublished = "Dostęp zdalny (20.09.2023): \url{https://www.oracle.com/pl/scm/what-is-supply-chain-management/}",
    year         = "2023"
}

@misc{gov2023,
    author       = "Serwis Rzeczypospolitej Polskiej /Portal sztucznej inteligencji ",
    title        = "Co to jest łańcuch dostaw? Przewodnik",
    howpublished = "Dostęp zdalny (20.09.2023): \url{https://www.gov.pl/web/ai/czym-jest-sztuczna-inteligencja2}",
    year         = "2023"
}

% Nieopublikowany artykuł, dostępny np. tylko w internecie.
@unpublished{garber2023,
    author = "Rhiannon Garber",
    title  = "4 Elements of Supply Chain Management",
    note   = "Dostęp zdalny (20.09.2023):\url{https://www.newstreaming.com/4-elements-of-supply-chain-management/}",
    year ="2023"
}

@techreport{Eleonora2020,
author = {Eleonora Peruffo and Ricardo Rodríguez Contreras and Irene Mandl and Martina Bisello},
title = {Game-changing technologies: Transforming production and employment in Europe},
institution = {European Foundation for the Improvement of Living and Working Conditions},
year = "2020"
}

@techreport{ec2029,
author = {INDEPENDENT HIGH-LEVEL EXPERT GROUP ON ARTIFICIAL INTELLIGENCE SET UP BY THE EUROPEAN COMMISSION},
title = {A DEFINITION OF AI:MAIN CAPABILITIES AND DISCIPLINES},
institution = {European Foundation for the Improvement of Living and Working Conditions},
year = "2019"
}

